<record><leader>00000cas a2200000 a 4500</leader><controlfield tag="001">17374559</controlfield><controlfield tag="008">880122d196619uucauwr ne      0   a0eng c</controlfield><datafield ind1=" " ind2=" " tag="010"><subfield code="a">sn 92069466 </subfield></datafield><datafield ind1=" " ind2=" " tag="040"><subfield code="a">KFS</subfield><subfield code="b">eng</subfield><subfield code="c">KFS</subfield><subfield code="d">CNK</subfield><subfield code="d">NYS</subfield><subfield code="d">OCLCQ</subfield><subfield code="d">OCLCF</subfield><subfield code="d">OCLCO</subfield></datafield><datafield ind1=" " ind2=" " tag="019"><subfield code="a">1519564</subfield></datafield><datafield ind1="1" ind2=" " tag="029"><subfield code="a">AU@</subfield><subfield code="b">000020707433</subfield></datafield><datafield ind1=" " ind2=" " tag="042"><subfield code="a">pcc</subfield></datafield><datafield ind1=" " ind2=" " tag="043"><subfield code="a">n-us-ca</subfield></datafield><datafield ind1="0" ind2="0" tag="245"><subfield code="a">Berkeley citizen.</subfield></datafield><datafield ind1=" " ind2=" " tag="260"><subfield code="a">Berkeley, Calif. :</subfield><subfield code="b">Berkeley Newspaper Cooperative</subfield></datafield><datafield ind1=" " ind2=" " tag="300"><subfield code="a">v. :</subfield><subfield code="b">ill. ;</subfield><subfield code="c">45 cm.</subfield></datafield><datafield ind1=" " ind2=" " tag="310"><subfield code="a">Weekly</subfield></datafield><datafield ind1="0" ind2=" " tag="362"><subfield code="a">Vol. 1, no. 37 (Dec. 9, 1966)-</subfield></datafield><datafield ind1=" " ind2=" " tag="515"><subfield code="a">Vol. 2, no. 2 and v. 2, no. 3 both dated Feb. 3, 1967.</subfield></datafield><datafield ind1=" " ind2=" " tag="515"><subfield code="a">Publication suspended Mar. 10, 1967; resumed Mar. 31, 1967-last issue?</subfield></datafield><datafield ind1=" " ind2=" " tag="530"><subfield code="a">Available on microfilm from UMI (Underground newspaper/press collection).</subfield></datafield><datafield ind1=" " ind2="0" tag="650"><subfield code="a">Underground press publications</subfield><subfield code="z">California</subfield><subfield code="v">Newspapers.</subfield></datafield><datafield ind1=" " ind2="0" tag="651"><subfield code="a">Berkeley (Calif.)</subfield><subfield code="v">Newspapers.</subfield></datafield><datafield ind1=" " ind2="0" tag="651"><subfield code="a">Alameda County (Calif.)</subfield><subfield code="v">Newspapers.</subfield></datafield><datafield ind1=" " ind2="7" tag="655"><subfield code="a">Newspapers.</subfield><subfield code="2">fast</subfield><subfield code="0">(OCoLC)fst01423814</subfield></datafield><datafield ind1=" " ind2="7" tag="650"><subfield code="a">Underground press publications.</subfield><subfield code="2">fast</subfield><subfield code="0">(OCoLC)fst01160984</subfield></datafield><datafield ind1=" " ind2="7" tag="651"><subfield code="a">California.</subfield><subfield code="2">fast</subfield><subfield code="0">(OCoLC)fst01204928</subfield></datafield><datafield ind1=" " ind2="7" tag="651"><subfield code="a">California</subfield><subfield code="z">Alameda County.</subfield><subfield code="2">fast</subfield><subfield code="0">(OCoLC)fst01205577</subfield></datafield><datafield ind1=" " ind2="7" tag="651"><subfield code="a">California</subfield><subfield code="z">Berkeley.</subfield><subfield code="2">fast</subfield><subfield code="0">(OCoLC)fst01205020</subfield></datafield><datafield ind1="2" ind2=" " tag="710"><subfield code="a">Berkeley Newspaper Cooperative.</subfield></datafield><datafield ind1=" " ind2=" " tag="752"><subfield code="a">United States</subfield><subfield code="b">California</subfield><subfield code="c">Alameda</subfield><subfield code="d">Berkeley.</subfield></datafield><datafield ind1="0" ind2=" " tag="776"><subfield code="c">Microfilm</subfield><subfield code="d">UMI</subfield><subfield code="k">Underground newspaper collection</subfield><subfield code="k">Underground press collection</subfield><subfield code="w">(OCoLC)4315998</subfield></datafield><datafield ind1="0" ind2="0" tag="780"><subfield code="t">Citizen (Berkeley, Calif.)</subfield><subfield code="w">(DLC)sn 92069465</subfield><subfield code="w">(OCoLC)8247029</subfield></datafield></record>